@article{analisisrls,
  title={P[16]	“Analisis Regresi Linier Sederhana” 2019.[Online],Available: https://teknikelektronika.com/analisis-regresi-linear-sederhana-simple-linear-regression/ [diakses 20 Maret 2019]},
  author={pertamina},
  year={2019},
  publisher={INA-Rxiv}
}
@article{smadi2012least,
  title={On Least Squares Estimation in a Simple Linear Regression Model with Periodically Correlated Errors: A Cautionary Note},
  author={Smadi, Abdullah A and Abu-Afouna, Nour H},
  journal={Austrian Journal of Statistics},
  volume={41},
  number={3},
  pages={211--226},
  year={2012}
}
@article{hijriani2017implementasi,
  title={Implementasi Metode Regresi Linier Sederhana Pada Penyajian Hasil Prediksi Pemakaian Air Bersih Pdam Way Rilau Kota Bandar Lampung Dengan Sistem Informasi Geofrafis},
  author={Hijriani, Astria and Muludi, Kurnia and Andini, Erlina Ain},
  year={2017},
  publisher={INA-Rxiv}
}
@article{priyatno2014spss,
  title={SPSS 22 Pengolah data terpraktis},
  author={Priyatno, Duwi},
  journal={Yogyakarta: Andi},
  year={2014}
}
@misc{susanto2010pengantar,
  title={Pengantar data mining: mengagali pengetahuan dari bongkahan data},
  author={Susanto, Sani and Suryadi, Dedy},
  year={2010},
  publisher={Penerbit Andi}
}

@article{tampubolon2013implementasi,
  title={Implementasi Data Mining Algoritma Apriori pada sistem persediaan alat-alat kesehatan},
  author={Tampubolon, Kennedi and Saragih, Hoga and Reza, Bobby and Epicentrum, K and Asosiasi, A},
  journal={Informasi dan Teknologi Ilmiah (INTI)},
  volume={1},
  number={1},
  pages={93--106},
  year={2013}
}

@book{vercellis2009business,
  title={Business intelligence: data mining and optimization for decision making},
  author={Vercellis, Carlo},
  year={2009},
  publisher={Wiley Online Library}
}
@inproceedings{cti2017implemetasi,
  title={Implemetasi k-means clustering pada rapidminer untuk analisis daerah rawan kecelakaan},
  author={CTI, Brilian Rahmat and Gafar, Agum Agidtama and Fajriani, Nurul and Ramdani, Umar and Uyun, Fitria Rihin and Ransi, Natalis and others},
  booktitle={Prosiding Seminar Nasional Riset Kuantitatif Terapan 2017},
  volume={1},
  number={1},
  year={2017}
}
@article{yuda2014data,
  title={Data Mining Menggunakan Algoritma Na{\"\i}ve Bayes Untuk Klasifikasi Kelulusan Mahasiswa Universitas Dian Nuswantoro.(Studi Kasus: Fakultas Ilmu Komputer Angkatan 2009).},
  author={Yuda, Nugroho Septian},
  journal={Skripsi, Fakultas Ilmu Komputer},
  year={2014}
}
